<?xml version="1.0" encoding="UTF-8" ?>
<record Numero="13908436" format="InterXMarc_Complet" type="Authority">
<leader>00879c0 au22000272  45  <Pos Code="0004">00879</Pos>
<Pos Code="05" Sens="notice modifiée">c</Pos>
<Pos Code="06" Sens="notice validée par les services d&apos;autorité">0</Pos>
<Pos Code="08" Sens="notice d&apos;autorité">a</Pos>
<Pos Code="09" Sens="titre uniforme musical (TUM)">u</Pos>
<Pos Code="10">2</Pos>
<Pos Code="11">2</Pos>
<Pos Code="1216">00027</Pos>
<Pos Code="17" Sens="autres cas">2</Pos>
<Pos Code="20">4</Pos>
<Pos Code="21">5</Pos>
</leader>
<controlfield tag="001">FRBNF139084362<Pos Code="0001">FR</Pos>
<Pos Code="0204">BNF</Pos>
<Pos Code="0512">13908436</Pos>
<Pos Code="13">2</Pos>
</controlfield>
<controlfield tag="008">890821121031yyger li        1912                             1   <Pos Code="0001">89</Pos>
<Pos Code="0203">08</Pos>
<Pos Code="0405">21</Pos>
<Pos Code="0607">12</Pos>
<Pos Code="0809">10</Pos>
<Pos Code="1011">31</Pos>
<Pos Code="1213" Sens="ne s&apos;applique pas">yy</Pos>
<Pos Code="1416" Sens="allemand">ger</Pos>
<Pos Code="1820">li </Pos>
<Pos Code="2831">1912</Pos>
<Pos Code="61" Sens="La vedette peut être liée à une notice bibliographique sauf pour l&apos;accès matière RAMEAU">1</Pos>
</controlfield>
<datafield tag="048" ind1=" " ind2=" ">
	<subfield code="a">va01<Pos Code="0001" Sens="voix - soprano">va</Pos>
<Pos Code="02">0</Pos>
<Pos Code="03">1</Pos>
</subfield>
	<subfield code="a">oa01<Pos Code="0001" Sens="orchestre - orchestre symphonique XIXe-XXe s.">oa</Pos>
<Pos Code="02">0</Pos>
<Pos Code="03">1</Pos>
</subfield>
</datafield>
<datafield tag="100" ind1=" " ind2=" ">
	<subfield code="3">13891383</subfield>
	<subfield code="w"> 0  b     </subfield>
	<subfield code="a">Berg</subfield>
	<subfield code="m">Alban</subfield>
	<subfield code="d">1885-1935</subfield>
</datafield>
<datafield tag="144" ind1="1" ind2=" ">
	<subfield code="w">....b.....</subfield>
	<subfield code="a">Fünf Orchesterlieder nach Ansichtskartentexten von Peter Altenberg</subfield>
	<subfield code="p">Op. 4</subfield>
</datafield>
<datafield tag="444" ind1="1" ind2=" ">
	<subfield code="w">....b.....</subfield>
	<subfield code="a">Altenberg-Lieder</subfield>
	<subfield code="p">Op. 4</subfield>
</datafield>
<datafield tag="444" ind1="1" ind2=" ">
	<subfield code="w">....b.....</subfield>
	<subfield code="a" Barre="2">5 Orchesterlieder</subfield>
	<subfield code="p">Op. 4</subfield>
</datafield>
<datafield tag="600" ind1=" " ind2=" ">
	<subfield code="a">Cycle de Lieder sur des poèmes de Peter Altenberg</subfield>
	<subfield code="a">Date de composition : 1912</subfield>
	<subfield code="a">Réunit : &quot;Seele, wie bist du schöner&quot; ; &quot;Sahst du nach dem Gewitterregen&quot; ; &quot;Über die Grenzen des All&quot; ; &quot;Nichts ist gekommen&quot; ; &quot;Hier ist Friede&quot;</subfield>
	<subfield code="a">Création de l&apos;intégrale à Rome sous la dir. de Jascha Horenstein le 24 janvier 1953</subfield>
	<subfield code="a">Deux Lieder avaient auparavant été créées à Vienne sous la dir. d&apos;Arnold Schoenberg le 31 mars 1913</subfield>
</datafield>
<datafield tag="610" ind1=" " ind2=" ">
	<subfield code="a">Grove</subfield>
</datafield>
<datafield tag="917" ind1=" " ind2=" ">
	<subfield code="o">OPC</subfield>
	<subfield code="a">100368740</subfield>
</datafield>
<datafield tag="917" ind1=" " ind2=" ">
	<subfield code="o">OPD</subfield>
	<subfield code="a">100301890</subfield>
	<subfield code="b">ATUM</subfield>
</datafield>
<datafield tag="996" ind1=" " ind2=" ">
	<subfield code="o">OPP</subfield>
	<subfield code="a">14806375</subfield>
	<subfield code="d">20121031</subfield>
</datafield>
<Attr Nom="IDPerenne">ark:/12148/cb139084365</Attr>
<Attr Nom="NumSource">OPC 100368740</Attr>
<Attr Nom="Source" Sens="BnF catalogue général (depuis 1999)">A</Attr>
<Attr Nom="NumAutoriteLiee">13891383</Attr>
<Attr Nom="DateCreation">21/08/ 1989</Attr>
<Attr Nom="ResponsableCreation">MIGV2</Attr>
<Attr Nom="StructCreation">1</Attr>
<Attr Nom="DateDerniereValidation">31/10/ 2012</Attr>
<Attr Nom="ResponsableDerniereValidation">SERRES CATHERINE</Attr>
<Attr Nom="StructPremiereValidation">1</Attr>
<Attr Nom="DatePremiereValidation">21/08/ 1989</Attr>
<Attr Nom="ResponsablePremiereValidation">MIGV2</Attr>
<Attr Nom="StructDerniereValidation">82</Attr>
<Attr Nom="NumSource" Rep="1">OPD 100301890</Attr>
<Attr Nom="NumSource" Rep="2">OPP 14806375</Attr>
</record>
